<?xml version="1.0" encoding="UTF-8"?>
<record>
  <leader>03660nam#a2200781#c#4500</leader>
  <controlfield tag="003">DE-605</controlfield>
  <controlfield tag="005">20250113073308.0</controlfield>
  <controlfield tag="007">cr#|||||||||||</controlfield>
  <controlfield tag="008">180403|2018####gw #####o#####|||#|#ger#c</controlfield>
  <controlfield tag="001">990223602750206441</controlfield>
  <datafield tag="016" ind1="7" ind2=" ">
    <subfield code="a">1075167053</subfield>
    <subfield code="2">OCoLC</subfield>
  </datafield>
  <datafield tag="020" ind1=" " ind2=" ">
    <subfield code="a">9783839441190</subfield>
    <subfield code="c">PDF</subfield>
    <subfield code="9">978-3-8394-4119-0</subfield>
  </datafield>
  <datafield tag="020" ind1=" " ind2=" ">
    <subfield code="a">9783732841196</subfield>
    <subfield code="c">EPUB</subfield>
    <subfield code="9">978-3-7328-4119-6</subfield>
  </datafield>
  <datafield tag="024" ind1="7" ind2=" ">
    <subfield code="a">urn:nbn:de:hbz:464-20180827-113224-8</subfield>
    <subfield code="2">urn</subfield>
  </datafield>
  <datafield tag="024" ind1="7" ind2=" ">
    <subfield code="a">20.500.12657/29529</subfield>
    <subfield code="2">hdl</subfield>
  </datafield>
  <datafield tag="035" ind1=" " ind2=" ">
    <subfield code="a">(DE-605)HT019639948</subfield>
  </datafield>
  <datafield tag="040" ind1=" " ind2=" ">
    <subfield code="a">294</subfield>
    <subfield code="b">ger</subfield>
    <subfield code="c">DE-605</subfield>
    <subfield code="d">Kn 28</subfield>
    <subfield code="d">DE-605</subfield>
    <subfield code="e">rda</subfield>
  </datafield>
  <datafield tag="041" ind1=" " ind2=" ">
    <subfield code="a">ger</subfield>
  </datafield>
  <datafield tag="044" ind1=" " ind2=" ">
    <subfield code="c">XA-DE-NW</subfield>
  </datafield>
  <datafield tag="084" ind1=" " ind2=" ">
    <subfield code="a">320</subfield>
    <subfield code="2">z</subfield>
  </datafield>
  <datafield tag="084" ind1=" " ind2=" ">
    <subfield code="a">MC 7000</subfield>
    <subfield code="2">rvk</subfield>
  </datafield>
  <datafield tag="084" ind1=" " ind2=" ">
    <subfield code="a">MS 4710</subfield>
    <subfield code="2">rvk</subfield>
  </datafield>
  <datafield tag="084" ind1=" " ind2=" ">
    <subfield code="a">MS 4700</subfield>
    <subfield code="2">rvk</subfield>
  </datafield>
  <datafield tag="245" ind1="0" ind2="0">
    <subfield code="a">Großerzählungen des Extremen</subfield>
    <subfield code="b">neue Rechte, Populismus, Islamismus, war on terror</subfield>
    <subfield code="c">Jennifer Schellhöh, Jo Reichertz, Volker M. Heins, Armin Flender (Hg.)</subfield>
  </datafield>
  <datafield tag="264" ind1=" " ind2="1">
    <subfield code="a">Bielefeld</subfield>
    <subfield code="b">transcript</subfield>
    <subfield code="c">[2018]</subfield>
  </datafield>
  <datafield tag="300" ind1=" " ind2=" ">
    <subfield code="a">1 Online-Ressource (210 Seiten)</subfield>
  </datafield>
  <datafield tag="336" ind1=" " ind2=" ">
    <subfield code="b">txt</subfield>
  </datafield>
  <datafield tag="337" ind1=" " ind2=" ">
    <subfield code="b">c</subfield>
  </datafield>
  <datafield tag="338" ind1=" " ind2=" ">
    <subfield code="b">cr</subfield>
  </datafield>
  <datafield tag="490" ind1="0" ind2=" ">
    <subfield code="a">X-Texte zu Kultur und Gesellschaft</subfield>
  </datafield>
  <datafield tag="689" ind1="0" ind2="0">
    <subfield code="a">Radikalismus</subfield>
    <subfield code="D">s</subfield>
    <subfield code="0">(DE-588)4048171-2</subfield>
    <subfield code="B">GND-040481719</subfield>
  </datafield>
  <datafield tag="689" ind1="0" ind2="1">
    <subfield code="a">Islam</subfield>
    <subfield code="D">s</subfield>
    <subfield code="0">(DE-588)4027743-4</subfield>
    <subfield code="B">GND-040277437</subfield>
  </datafield>
  <datafield tag="689" ind1="0" ind2="2">
    <subfield code="a">Fundamentalismus</subfield>
    <subfield code="D">s</subfield>
    <subfield code="0">(DE-588)4137178-1</subfield>
    <subfield code="B">GND-04137178X</subfield>
  </datafield>
  <datafield tag="689" ind1="0" ind2="3">
    <subfield code="a">Populismus</subfield>
    <subfield code="D">s</subfield>
    <subfield code="0">(DE-588)4129521-3</subfield>
    <subfield code="B">GND-041295218</subfield>
  </datafield>
  <datafield tag="035" ind1=" " ind2=" ">
    <subfield code="a">(hbzERes_De Gruyter)HT019639948</subfield>
  </datafield>
  <datafield tag="035" ind1=" " ind2=" ">
    <subfield code="a">(OCoLC)1075167053</subfield>
  </datafield>
  <datafield tag="035" ind1=" " ind2=" ">
    <subfield code="a">(DE-599)HEB435325809</subfield>
  </datafield>
  <datafield tag="035" ind1=" " ind2=" ">
    <subfield code="a">(DE-599)BSZ504054139</subfield>
  </datafield>
  <datafield tag="035" ind1=" " ind2=" ">
    <subfield code="a">(DE-603)435325809</subfield>
  </datafield>
  <datafield tag="035" ind1=" " ind2=" ">
    <subfield code="a">(DE-599)HEB46050312X</subfield>
  </datafield>
  <datafield tag="035" ind1=" " ind2=" ">
    <subfield code="a">(DE-603)46050312X</subfield>
  </datafield>
  <datafield tag="024" ind1="7" ind2=" ">
    <subfield code="a">10.14361/9783839441190</subfield>
    <subfield code="2">doi</subfield>
  </datafield>
  <datafield tag="960" ind1="1" ind2=" ">
    <subfield code="i">iall</subfield>
    <subfield code="i">OA</subfield>
  </datafield>
  <datafield tag="962" ind1=" " ind2=" ">
    <subfield code="e">ZDB-23-GOA</subfield>
    <subfield code="e">ZDB-23-DGG</subfield>
    <subfield code="e">ZDB-125-TPO</subfield>
    <subfield code="e">ZDB-94-OAB</subfield>
    <subfield code="e">ZDB-119-KNU</subfield>
  </datafield>
  <datafield tag="964" ind1="0" ind2="s">
    <subfield code="F">051</subfield>
    <subfield code="A">m|||||||</subfield>
  </datafield>
  <datafield tag="964" ind1="0" ind2="i">
    <subfield code="I">marc-FMT via MAB2MARC</subfield>
    <subfield code="F">FMT</subfield>
    <subfield code="A">BK</subfield>
  </datafield>
  <datafield tag="964" ind1="0" ind2="s">
    <subfield code="F">030</subfield>
    <subfield code="A">a|zur||||||37</subfield>
  </datafield>
  <datafield tag="964" ind1="0" ind2="s">
    <subfield code="F">050</subfield>
    <subfield code="A">||||||||g|||||</subfield>
  </datafield>
  <datafield tag="912" ind1=" " ind2=" ">
    <subfield code="a">ZDB-23-GOA</subfield>
  </datafield>
  <datafield tag="912" ind1=" " ind2=" ">
    <subfield code="a">ZDB-23-DGG</subfield>
  </datafield>
  <datafield tag="912" ind1=" " ind2=" ">
    <subfield code="a">ZDB-125-TPO</subfield>
  </datafield>
  <datafield tag="912" ind1=" " ind2=" ">
    <subfield code="a">ZDB-94-OAB</subfield>
  </datafield>
  <datafield tag="912" ind1=" " ind2=" ">
    <subfield code="a">ZDB-119-KNU</subfield>
  </datafield>
  <datafield tag="856" ind1=" " ind2=" ">
    <subfield code="u">https://www.jstor.org/stable/10.2307/j.ctv1fxd7f</subfield>
    <subfield code="x">Verlag</subfield>
    <subfield code="z">kostenfrei</subfield>
  </datafield>
  <datafield tag="856" ind1="4" ind2="0">
    <subfield code="u">https://dx.doi.org/10.14361/9783839441190</subfield>
    <subfield code="x">Resolving-System</subfield>
    <subfield code="z">kostenfrei</subfield>
    <subfield code="3">Volltext</subfield>
  </datafield>
  <datafield tag="856" ind1="4" ind2="0">
    <subfield code="u">https://www.transcript-verlag.de/978-3-8376-4119-6</subfield>
    <subfield code="x">Verlag</subfield>
    <subfield code="z">kostenfrei</subfield>
    <subfield code="3">Volltext</subfield>
  </datafield>
  <datafield tag="856" ind1="4" ind2="0">
    <subfield code="u">https://hdl.handle.net/20.500.12657/29529</subfield>
    <subfield code="x">Resolving-System</subfield>
    <subfield code="z">kostenfrei</subfield>
    <subfield code="3">Volltext</subfield>
  </datafield>
  <datafield tag="856" ind1="4" ind2="0">
    <subfield code="u">https://nbn-resolving.org/urn:nbn:de:hbz:464-20180827-113224-8</subfield>
    <subfield code="x">Resolving-System</subfield>
    <subfield code="z">kostenfrei</subfield>
    <subfield code="3">Volltext</subfield>
  </datafield>
  <datafield tag="700" ind1="1" ind2=" ">
    <subfield code="a">Schellhöh, Jennifer</subfield>
    <subfield code="d">19XX-</subfield>
    <subfield code="0">(DE-588)1155423771</subfield>
    <subfield code="4">edt</subfield>
    <subfield code="0">https://d-nb.info/gnd/1155423771</subfield>
    <subfield code="0">http://viaf.org/viaf/1558152331598503260002</subfield>
    <subfield code="B">GND-1155423771</subfield>
  </datafield>
  <datafield tag="700" ind1="1" ind2=" ">
    <subfield code="a">Reichertz, Jo</subfield>
    <subfield code="d">1949-</subfield>
    <subfield code="0">(DE-588)120099209</subfield>
    <subfield code="4">edt</subfield>
    <subfield code="0">https://d-nb.info/gnd/120099209</subfield>
    <subfield code="0">http://viaf.org/viaf/27244037</subfield>
    <subfield code="B">GND-120099209</subfield>
  </datafield>
  <datafield tag="700" ind1="1" ind2=" ">
    <subfield code="a">Heins, Volker</subfield>
    <subfield code="d">1957-</subfield>
    <subfield code="0">(DE-588)12410181X</subfield>
    <subfield code="4">edt</subfield>
    <subfield code="0">https://d-nb.info/gnd/12410181X</subfield>
    <subfield code="0">http://viaf.org/viaf/5067255</subfield>
    <subfield code="B">GND-12410181X</subfield>
  </datafield>
  <datafield tag="700" ind1="1" ind2=" ">
    <subfield code="a">Flender, Armin</subfield>
    <subfield code="4">edt</subfield>
  </datafield>
  <datafield tag="776" ind1="0" ind2="8">
    <subfield code="i">Erscheint auch als</subfield>
    <subfield code="n">Druck-Ausgabe, Paperback</subfield>
    <subfield code="z">9783837641196</subfield>
    <subfield code="w">(DE-605)HT019540104</subfield>
    <subfield code="9">978-3-8376-4119-6</subfield>
  </datafield>
  <datafield tag="655" ind1=" " ind2="7">
    <subfield code="a">Aufsatzsammlung</subfield>
    <subfield code="0">(DE-588)4143413-4</subfield>
    <subfield code="2">gnd-content</subfield>
  </datafield>
  <datafield tag="500" ind1=" " ind2=" ">
    <subfield code="a">Includes bibliographical references</subfield>
  </datafield>
  <datafield tag="506" ind1="0" ind2=" ">
    <subfield code="a">Open Access</subfield>
    <subfield code="f">Unrestricted online access</subfield>
    <subfield code="2">star</subfield>
  </datafield>
  <datafield tag="520" ind1=" " ind2=" ">
    <subfield code="a">Was macht radikale Weltbilder so attraktiv? Und wie lässt sich die Renaissance des Extremismus kultur- und sozialwissenschaftlich erklären? Sprach man bis vor Kurzem noch davon, dass Großerzählungen auf dem Schrottplatz der Geschichte liegen, finden sie neuerdings mit der Wiederkehr des Fundamentalismus den Weg zurück in den Diskurs. Die Beiträge des Bandes stellen verschiedene Großerzählungen des Extremen vor und diskutieren, wie sie sich in Denkfiguren, Rhetoriken, Symboliken und Handlungsweisen niederschlagen. Mit Beiträgen u.a. von Claus Leggewie und Susanne Schröter</subfield>
  </datafield>
  <datafield tag="542" ind1="1" ind2=" ">
    <subfield code="f">CC BY 4.0</subfield>
    <subfield code="u">https://creativecommons.org/licenses/by/4.0/deed.de</subfield>
  </datafield>
  <datafield tag="MBD" ind1=" " ind2=" ">
    <subfield code="M">49HBZ_NETWORK</subfield>
    <subfield code="i">990223602750206441</subfield>
    <subfield code="n">HBZ Network</subfield>
  </datafield>
  <datafield tag="MBD" ind1=" " ind2=" ">
    <subfield code="M">49HBZ_ZBS</subfield>
    <subfield code="i">990003465310806478</subfield>
    <subfield code="n">Deutsche Sporthochschule Köln</subfield>
  </datafield>
  <datafield tag="MBD" ind1=" " ind2=" ">
    <subfield code="M">49HBZ_HSK</subfield>
    <subfield code="i">991002124389308978</subfield>
    <subfield code="n">Hochschule Koblenz</subfield>
  </datafield>
  <datafield tag="MBD" ind1=" " ind2=" ">
    <subfield code="M">49HBZ_HSN</subfield>
    <subfield code="i">991007229359708056</subfield>
    <subfield code="n">Hochschule Niederrhein</subfield>
  </datafield>
  <datafield tag="MNG" ind1=" " ind2=" ">
    <subfield code="c">System</subfield>
    <subfield code="f">HBZ</subfield>
    <subfield code="i">marc21</subfield>
    <subfield code="h">20220714184800.0</subfield>
    <subfield code="l">77</subfield>
    <subfield code="k">01</subfield>
    <subfield code="e">false</subfield>
    <subfield code="d">2026-02-16 14:30:49 Europe/Berlin</subfield>
    <subfield code="g">022360275-HBZ01</subfield>
    <subfield code="j">60</subfield>
    <subfield code="a">import</subfield>
    <subfield code="b">2021-04-05 14:28:26 Europe/Berlin</subfield>
  </datafield>
  <datafield tag="POR" ind1=" " ind2=" ">
    <subfield code="j">Walter De Gruyter Publishing</subfield>
    <subfield code="x">System</subfield>
    <subfield code="a">53721076510006441</subfield>
    <subfield code="M">49HBZ_NETWORK</subfield>
    <subfield code="p">61738769200006441</subfield>
    <subfield code="q">De Gruyter Open Access Bücher (ZDB-23-GOA)</subfield>
    <subfield code="c">static</subfield>
    <subfield code="B">Produktsigel: ZDB-23-GOA
NZ Phase 1 - Wave 1: NZ-P2E
E-Book-Verfahren: De gruyter?</subfield>
    <subfield code="l">kostenfrei</subfield>
    <subfield code="A">49HBZ_EVH</subfield>
    <subfield code="A">49HBZ_RFH</subfield>
    <subfield code="A">49HBZ_KHO</subfield>
    <subfield code="A">49HBZ_DUE</subfield>
    <subfield code="A">49HBZ_FDO</subfield>
    <subfield code="A">49HBZ_KHM</subfield>
    <subfield code="A">49HBZ_UBK</subfield>
    <subfield code="A">49HBZ_UBT</subfield>
    <subfield code="A">49HBZ_FHA</subfield>
    <subfield code="A">49HBZ_OWL</subfield>
    <subfield code="A">49HBZ_UDE</subfield>
    <subfield code="A">49HBZ_WHS</subfield>
    <subfield code="A">49HBZ_RUW</subfield>
    <subfield code="A">49HBZ_UBD</subfield>
    <subfield code="A">49HBZ_UBA</subfield>
    <subfield code="A">49HBZ_ULB</subfield>
    <subfield code="A">49HBZ_ULM</subfield>
    <subfield code="A">49HBZ_UBO</subfield>
    <subfield code="A">49HBZ_SIE</subfield>
    <subfield code="A">49HBZ_FUH</subfield>
    <subfield code="A">49HBZ_RTU</subfield>
    <subfield code="A">49HBZ_THK</subfield>
    <subfield code="A">49HBZ_TGA</subfield>
    <subfield code="A">49HBZ_UKO</subfield>
    <subfield code="A">49HBZ_HBO</subfield>
    <subfield code="A">49HBZ_BRS</subfield>
    <subfield code="A">49HBZ_FHM</subfield>
    <subfield code="A">49HBZ_PAD</subfield>
    <subfield code="A">49HBZ_WUP</subfield>
    <subfield code="A">49HBZ_HSL</subfield>
    <subfield code="A">49HBZ_EDK</subfield>
    <subfield code="A">49HBZ_HSW</subfield>
    <subfield code="y">2026-02-15 11:31:59 Europe/Berlin</subfield>
    <subfield code="w">2021-04-06 11:38:37 Europe/Berlin</subfield>
    <subfield code="D">https://eu04.alma.exlibrisgroup.com/view/uresolver/49HBZ_NETWORK/openurl?u.ignore_date_coverage=true&amp;portfolio_pid=53721076510006441&amp;Force_direct=true</subfield>
    <subfield code="v">P2E_JOB</subfield>
    <subfield code="z">2021-04-06 09:38:37</subfield>
    <subfield code="i">false</subfield>
    <subfield code="S">62738769190006441</subfield>
    <subfield code="d">https://hbz-network.userservices.exlibrisgroup.com/view/uresolver/49HBZ_NETWORK/openurl?u.ignore_date_coverage=true&amp;rft.mms_id=990223602750206441</subfield>
    <subfield code="b">Available</subfield>
    <subfield code="f">BOOK</subfield>
    <subfield code="e">http://library.oapen.org/handle/20.500.12657/29529</subfield>
    <subfield code="8">53721076510006441</subfield>
  </datafield>
  <datafield tag="POR" ind1=" " ind2=" ">
    <subfield code="j">Walter De Gruyter Publishing</subfield>
    <subfield code="x">System</subfield>
    <subfield code="a">53721076550006441</subfield>
    <subfield code="M">49HBZ_NETWORK</subfield>
    <subfield code="p">61738769200006441</subfield>
    <subfield code="q">De Gruyter Open Access Bücher (ZDB-23-GOA)</subfield>
    <subfield code="c">static</subfield>
    <subfield code="B">Produktsigel: ZDB-23-GOA
NZ Phase 1 - Wave 1: NZ-P2E
E-Book-Verfahren: De gruyter?</subfield>
    <subfield code="l">kostenfrei</subfield>
    <subfield code="A">49HBZ_EVH</subfield>
    <subfield code="A">49HBZ_RFH</subfield>
    <subfield code="A">49HBZ_KHO</subfield>
    <subfield code="A">49HBZ_DUE</subfield>
    <subfield code="A">49HBZ_FDO</subfield>
    <subfield code="A">49HBZ_KHM</subfield>
    <subfield code="A">49HBZ_UBK</subfield>
    <subfield code="A">49HBZ_UBT</subfield>
    <subfield code="A">49HBZ_FHA</subfield>
    <subfield code="A">49HBZ_OWL</subfield>
    <subfield code="A">49HBZ_UDE</subfield>
    <subfield code="A">49HBZ_WHS</subfield>
    <subfield code="A">49HBZ_RUW</subfield>
    <subfield code="A">49HBZ_UBD</subfield>
    <subfield code="A">49HBZ_UBA</subfield>
    <subfield code="A">49HBZ_ULB</subfield>
    <subfield code="A">49HBZ_ULM</subfield>
    <subfield code="A">49HBZ_UBO</subfield>
    <subfield code="A">49HBZ_SIE</subfield>
    <subfield code="A">49HBZ_FUH</subfield>
    <subfield code="A">49HBZ_RTU</subfield>
    <subfield code="A">49HBZ_THK</subfield>
    <subfield code="A">49HBZ_TGA</subfield>
    <subfield code="A">49HBZ_UKO</subfield>
    <subfield code="A">49HBZ_HBO</subfield>
    <subfield code="A">49HBZ_BRS</subfield>
    <subfield code="A">49HBZ_FHM</subfield>
    <subfield code="A">49HBZ_PAD</subfield>
    <subfield code="A">49HBZ_WUP</subfield>
    <subfield code="A">49HBZ_HSL</subfield>
    <subfield code="A">49HBZ_EDK</subfield>
    <subfield code="A">49HBZ_HSW</subfield>
    <subfield code="y">2026-02-15 11:31:59 Europe/Berlin</subfield>
    <subfield code="w">2021-04-06 11:38:37 Europe/Berlin</subfield>
    <subfield code="D">https://eu04.alma.exlibrisgroup.com/view/uresolver/49HBZ_NETWORK/openurl?u.ignore_date_coverage=true&amp;portfolio_pid=53721076550006441&amp;Force_direct=true</subfield>
    <subfield code="v">P2E_JOB</subfield>
    <subfield code="z">2021-04-06 09:38:37</subfield>
    <subfield code="i">false</subfield>
    <subfield code="S">62738769190006441</subfield>
    <subfield code="d">https://hbz-network.userservices.exlibrisgroup.com/view/uresolver/49HBZ_NETWORK/openurl?u.ignore_date_coverage=true&amp;rft.mms_id=990223602750206441</subfield>
    <subfield code="b">Available</subfield>
    <subfield code="f">BOOK</subfield>
    <subfield code="e">https://dx.doi.org/10.14361/9783839441190</subfield>
    <subfield code="8">53721076550006441</subfield>
  </datafield>
  <datafield tag="POR" ind1=" " ind2=" ">
    <subfield code="j">Walter De Gruyter Publishing</subfield>
    <subfield code="x">System</subfield>
    <subfield code="a">53721076480006441</subfield>
    <subfield code="M">49HBZ_NETWORK</subfield>
    <subfield code="p">61738769200006441</subfield>
    <subfield code="q">De Gruyter Open Access Bücher (ZDB-23-GOA)</subfield>
    <subfield code="c">static</subfield>
    <subfield code="B">Produktsigel: ZDB-23-GOA
NZ Phase 1 - Wave 1: NZ-P2E
E-Book-Verfahren: De gruyter?</subfield>
    <subfield code="l">kostenfrei</subfield>
    <subfield code="A">49HBZ_EVH</subfield>
    <subfield code="A">49HBZ_RFH</subfield>
    <subfield code="A">49HBZ_KHO</subfield>
    <subfield code="A">49HBZ_DUE</subfield>
    <subfield code="A">49HBZ_FDO</subfield>
    <subfield code="A">49HBZ_KHM</subfield>
    <subfield code="A">49HBZ_UBK</subfield>
    <subfield code="A">49HBZ_UBT</subfield>
    <subfield code="A">49HBZ_FHA</subfield>
    <subfield code="A">49HBZ_OWL</subfield>
    <subfield code="A">49HBZ_UDE</subfield>
    <subfield code="A">49HBZ_WHS</subfield>
    <subfield code="A">49HBZ_RUW</subfield>
    <subfield code="A">49HBZ_UBD</subfield>
    <subfield code="A">49HBZ_UBA</subfield>
    <subfield code="A">49HBZ_ULB</subfield>
    <subfield code="A">49HBZ_ULM</subfield>
    <subfield code="A">49HBZ_UBO</subfield>
    <subfield code="A">49HBZ_SIE</subfield>
    <subfield code="A">49HBZ_FUH</subfield>
    <subfield code="A">49HBZ_RTU</subfield>
    <subfield code="A">49HBZ_THK</subfield>
    <subfield code="A">49HBZ_TGA</subfield>
    <subfield code="A">49HBZ_UKO</subfield>
    <subfield code="A">49HBZ_HBO</subfield>
    <subfield code="A">49HBZ_BRS</subfield>
    <subfield code="A">49HBZ_FHM</subfield>
    <subfield code="A">49HBZ_PAD</subfield>
    <subfield code="A">49HBZ_WUP</subfield>
    <subfield code="A">49HBZ_HSL</subfield>
    <subfield code="A">49HBZ_EDK</subfield>
    <subfield code="A">49HBZ_HSW</subfield>
    <subfield code="y">2026-02-15 11:31:59 Europe/Berlin</subfield>
    <subfield code="w">2021-04-06 11:38:37 Europe/Berlin</subfield>
    <subfield code="D">https://eu04.alma.exlibrisgroup.com/view/uresolver/49HBZ_NETWORK/openurl?u.ignore_date_coverage=true&amp;portfolio_pid=53721076480006441&amp;Force_direct=true</subfield>
    <subfield code="v">P2E_JOB</subfield>
    <subfield code="z">2021-04-06 09:38:37</subfield>
    <subfield code="i">false</subfield>
    <subfield code="S">62738769190006441</subfield>
    <subfield code="d">https://hbz-network.userservices.exlibrisgroup.com/view/uresolver/49HBZ_NETWORK/openurl?u.ignore_date_coverage=true&amp;rft.mms_id=990223602750206441</subfield>
    <subfield code="b">Available</subfield>
    <subfield code="f">BOOK</subfield>
    <subfield code="e">https://nbn-resolving.org/urn:nbn:de:hbz:464-20180827-113224-8</subfield>
    <subfield code="8">53721076480006441</subfield>
  </datafield>
  <datafield tag="POR" ind1=" " ind2=" ">
    <subfield code="j">Walter De Gruyter Publishing</subfield>
    <subfield code="x">System</subfield>
    <subfield code="a">53721076530006441</subfield>
    <subfield code="M">49HBZ_NETWORK</subfield>
    <subfield code="p">61738769200006441</subfield>
    <subfield code="q">De Gruyter Open Access Bücher (ZDB-23-GOA)</subfield>
    <subfield code="c">static</subfield>
    <subfield code="B">Produktsigel: ZDB-23-GOA
NZ Phase 1 - Wave 1: NZ-P2E
E-Book-Verfahren: De gruyter?</subfield>
    <subfield code="l">kostenfrei</subfield>
    <subfield code="A">49HBZ_EVH</subfield>
    <subfield code="A">49HBZ_RFH</subfield>
    <subfield code="A">49HBZ_KHO</subfield>
    <subfield code="A">49HBZ_DUE</subfield>
    <subfield code="A">49HBZ_FDO</subfield>
    <subfield code="A">49HBZ_KHM</subfield>
    <subfield code="A">49HBZ_UBK</subfield>
    <subfield code="A">49HBZ_UBT</subfield>
    <subfield code="A">49HBZ_FHA</subfield>
    <subfield code="A">49HBZ_OWL</subfield>
    <subfield code="A">49HBZ_UDE</subfield>
    <subfield code="A">49HBZ_WHS</subfield>
    <subfield code="A">49HBZ_RUW</subfield>
    <subfield code="A">49HBZ_UBD</subfield>
    <subfield code="A">49HBZ_UBA</subfield>
    <subfield code="A">49HBZ_ULB</subfield>
    <subfield code="A">49HBZ_ULM</subfield>
    <subfield code="A">49HBZ_UBO</subfield>
    <subfield code="A">49HBZ_SIE</subfield>
    <subfield code="A">49HBZ_FUH</subfield>
    <subfield code="A">49HBZ_RTU</subfield>
    <subfield code="A">49HBZ_THK</subfield>
    <subfield code="A">49HBZ_TGA</subfield>
    <subfield code="A">49HBZ_UKO</subfield>
    <subfield code="A">49HBZ_HBO</subfield>
    <subfield code="A">49HBZ_BRS</subfield>
    <subfield code="A">49HBZ_FHM</subfield>
    <subfield code="A">49HBZ_PAD</subfield>
    <subfield code="A">49HBZ_WUP</subfield>
    <subfield code="A">49HBZ_HSL</subfield>
    <subfield code="A">49HBZ_EDK</subfield>
    <subfield code="A">49HBZ_HSW</subfield>
    <subfield code="y">2026-02-15 11:31:59 Europe/Berlin</subfield>
    <subfield code="w">2021-04-06 11:38:37 Europe/Berlin</subfield>
    <subfield code="D">https://eu04.alma.exlibrisgroup.com/view/uresolver/49HBZ_NETWORK/openurl?u.ignore_date_coverage=true&amp;portfolio_pid=53721076530006441&amp;Force_direct=true</subfield>
    <subfield code="v">P2E_JOB</subfield>
    <subfield code="z">2021-04-06 09:38:37</subfield>
    <subfield code="i">false</subfield>
    <subfield code="S">62738769190006441</subfield>
    <subfield code="d">https://hbz-network.userservices.exlibrisgroup.com/view/uresolver/49HBZ_NETWORK/openurl?u.ignore_date_coverage=true&amp;rft.mms_id=990223602750206441</subfield>
    <subfield code="b">Available</subfield>
    <subfield code="f">BOOK</subfield>
    <subfield code="e">https://www.transcript-verlag.de/978-3-8376-4119-6</subfield>
    <subfield code="8">53721076530006441</subfield>
  </datafield>
  <datafield tag="POR" ind1=" " ind2=" ">
    <subfield code="x">System</subfield>
    <subfield code="a">5327009900006478</subfield>
    <subfield code="M">49HBZ_ZBS</subfield>
    <subfield code="c">static</subfield>
    <subfield code="l">kostenfrei</subfield>
    <subfield code="y">2023-08-14 11:40:58 Europe/Berlin</subfield>
    <subfield code="w">2023-08-14 11:40:46 Europe/Berlin</subfield>
    <subfield code="D">https://eu04.alma.exlibrisgroup.com/view/uresolver/49HBZ_NETWORK/openurl?u.ignore_date_coverage=true&amp;portfolio_pid=5327009900006478&amp;Force_direct=true</subfield>
    <subfield code="v">P2E_JOB</subfield>
    <subfield code="z">2023-08-14 09:40:46</subfield>
    <subfield code="i">false</subfield>
    <subfield code="g">KP001</subfield>
    <subfield code="S">5227009910006478</subfield>
    <subfield code="d">https://hbz-network.userservices.exlibrisgroup.com/view/uresolver/49HBZ_NETWORK/openurl?u.ignore_date_coverage=true&amp;rft.mms_id=990003465310806478</subfield>
    <subfield code="b">Available</subfield>
    <subfield code="f">BOOK</subfield>
    <subfield code="e">https://nbn-resolving.org/urn:nbn:de:hbz:464-20180827-113224-8</subfield>
    <subfield code="8">5327009900006478</subfield>
  </datafield>
  <datafield tag="POR" ind1=" " ind2=" ">
    <subfield code="x">System</subfield>
    <subfield code="a">5327009920006478</subfield>
    <subfield code="M">49HBZ_ZBS</subfield>
    <subfield code="c">static</subfield>
    <subfield code="l">kostenfrei</subfield>
    <subfield code="y">2023-08-14 11:40:58 Europe/Berlin</subfield>
    <subfield code="w">2023-08-14 11:40:46 Europe/Berlin</subfield>
    <subfield code="D">https://eu04.alma.exlibrisgroup.com/view/uresolver/49HBZ_NETWORK/openurl?u.ignore_date_coverage=true&amp;portfolio_pid=5327009920006478&amp;Force_direct=true</subfield>
    <subfield code="v">P2E_JOB</subfield>
    <subfield code="z">2023-08-14 09:40:46</subfield>
    <subfield code="i">false</subfield>
    <subfield code="g">KP001</subfield>
    <subfield code="S">5227009930006478</subfield>
    <subfield code="d">https://hbz-network.userservices.exlibrisgroup.com/view/uresolver/49HBZ_NETWORK/openurl?u.ignore_date_coverage=true&amp;rft.mms_id=990003465310806478</subfield>
    <subfield code="b">Available</subfield>
    <subfield code="f">BOOK</subfield>
    <subfield code="e">https://hdl.handle.net/20.500.12657/29529</subfield>
    <subfield code="8">5327009920006478</subfield>
  </datafield>
  <datafield tag="POR" ind1=" " ind2=" ">
    <subfield code="x">System</subfield>
    <subfield code="a">5327009960006478</subfield>
    <subfield code="M">49HBZ_ZBS</subfield>
    <subfield code="c">static</subfield>
    <subfield code="l">kostenfrei</subfield>
    <subfield code="y">2023-08-14 11:40:58 Europe/Berlin</subfield>
    <subfield code="w">2023-08-14 11:40:46 Europe/Berlin</subfield>
    <subfield code="D">https://eu04.alma.exlibrisgroup.com/view/uresolver/49HBZ_NETWORK/openurl?u.ignore_date_coverage=true&amp;portfolio_pid=5327009960006478&amp;Force_direct=true</subfield>
    <subfield code="v">P2E_JOB</subfield>
    <subfield code="z">2023-08-14 09:40:46</subfield>
    <subfield code="i">false</subfield>
    <subfield code="g">KP001</subfield>
    <subfield code="S">5227009980006478</subfield>
    <subfield code="d">https://hbz-network.userservices.exlibrisgroup.com/view/uresolver/49HBZ_NETWORK/openurl?u.ignore_date_coverage=true&amp;rft.mms_id=990003465310806478</subfield>
    <subfield code="b">Available</subfield>
    <subfield code="f">BOOK</subfield>
    <subfield code="e">https://dx.doi.org/10.14361/9783839441190</subfield>
    <subfield code="8">5327009960006478</subfield>
  </datafield>
  <datafield tag="POR" ind1=" " ind2=" ">
    <subfield code="x">System</subfield>
    <subfield code="a">5327009940006478</subfield>
    <subfield code="M">49HBZ_ZBS</subfield>
    <subfield code="c">static</subfield>
    <subfield code="l">kostenfrei</subfield>
    <subfield code="y">2023-08-14 11:40:58 Europe/Berlin</subfield>
    <subfield code="w">2023-08-14 11:40:46 Europe/Berlin</subfield>
    <subfield code="D">https://eu04.alma.exlibrisgroup.com/view/uresolver/49HBZ_NETWORK/openurl?u.ignore_date_coverage=true&amp;portfolio_pid=5327009940006478&amp;Force_direct=true</subfield>
    <subfield code="v">P2E_JOB</subfield>
    <subfield code="z">2023-08-14 09:40:46</subfield>
    <subfield code="i">false</subfield>
    <subfield code="g">KP001</subfield>
    <subfield code="S">5227009950006478</subfield>
    <subfield code="d">https://hbz-network.userservices.exlibrisgroup.com/view/uresolver/49HBZ_NETWORK/openurl?u.ignore_date_coverage=true&amp;rft.mms_id=990003465310806478</subfield>
    <subfield code="b">Available</subfield>
    <subfield code="f">BOOK</subfield>
    <subfield code="e">https://www.transcript-verlag.de/978-3-8376-4119-6</subfield>
    <subfield code="8">5327009940006478</subfield>
  </datafield>
  <datafield tag="POR" ind1=" " ind2=" ">
    <subfield code="x">System</subfield>
    <subfield code="a">5327010000006478</subfield>
    <subfield code="M">49HBZ_ZBS</subfield>
    <subfield code="c">static</subfield>
    <subfield code="l">kostenfrei</subfield>
    <subfield code="y">2023-08-14 11:40:58 Europe/Berlin</subfield>
    <subfield code="w">2023-08-14 11:40:46 Europe/Berlin</subfield>
    <subfield code="D">https://eu04.alma.exlibrisgroup.com/view/uresolver/49HBZ_NETWORK/openurl?u.ignore_date_coverage=true&amp;portfolio_pid=5327010000006478&amp;Force_direct=true</subfield>
    <subfield code="v">P2E_JOB</subfield>
    <subfield code="z">2023-08-14 09:40:46</subfield>
    <subfield code="i">false</subfield>
    <subfield code="g">KP001</subfield>
    <subfield code="S">5227010020006478</subfield>
    <subfield code="d">https://hbz-network.userservices.exlibrisgroup.com/view/uresolver/49HBZ_NETWORK/openurl?u.ignore_date_coverage=true&amp;rft.mms_id=990003465310806478</subfield>
    <subfield code="b">Available</subfield>
    <subfield code="f">BOOK</subfield>
    <subfield code="e">https://www.jstor.org/stable/10.2307/j.ctv1fxd7f</subfield>
    <subfield code="8">5327010000006478</subfield>
  </datafield>
  <datafield tag="POR" ind1=" " ind2=" ">
    <subfield code="j">Walter De Gruyter Publishing</subfield>
    <subfield code="x">System</subfield>
    <subfield code="a">5349192720008056</subfield>
    <subfield code="h">DEFAULT</subfield>
    <subfield code="M">49HBZ_HSN</subfield>
    <subfield code="p">6174850880008056</subfield>
    <subfield code="q">Lokale Sammlung - Kauftitel - De Gruyter - ZDB-23-DGG</subfield>
    <subfield code="c">param</subfield>
    <subfield code="B">Produktsigel: ZDB-23-DGG
Kauftitel, Einzelkauf</subfield>
    <subfield code="o">613780000000001487</subfield>
    <subfield code="y">2025-05-23 10:06:00 Europe/Berlin</subfield>
    <subfield code="w">2023-07-25 17:25:23 Europe/Berlin</subfield>
    <subfield code="D">https://eu04.alma.exlibrisgroup.com/view/uresolver/49HBZ_NETWORK/openurl?u.ignore_date_coverage=true&amp;portfolio_pid=5349192720008056&amp;Force_direct=true</subfield>
    <subfield code="v">P2E_JOB</subfield>
    <subfield code="z">2023-07-25 15:25:23</subfield>
    <subfield code="i">true</subfield>
    <subfield code="S">6274850870008056</subfield>
    <subfield code="d">https://hbz-network.userservices.exlibrisgroup.com/view/uresolver/49HBZ_NETWORK/openurl?u.ignore_date_coverage=true&amp;rft.mms_id=991007229359708056</subfield>
    <subfield code="b">Available</subfield>
    <subfield code="f">BOOK</subfield>
    <subfield code="8">5349192720008056</subfield>
  </datafield>
  <datafield tag="GSI" ind1="7" ind2=" ">
    <subfield code="a">4129521-3</subfield>
    <subfield code="0">http://d-nb.info/gnd/4129521-3</subfield>
    <subfield code="2">gnd</subfield>
    <subfield code="A">GND</subfield>
    <subfield code="B">GND-041295218</subfield>
    <subfield code="C">024</subfield>
  </datafield>
  <datafield tag="GST" ind1=" " ind2=" ">
    <subfield code="a">Religiöser Fundamentalismus</subfield>
    <subfield code="A">GND</subfield>
    <subfield code="B">GND-04137178X</subfield>
    <subfield code="C">450</subfield>
  </datafield>
  <datafield tag="GST" ind1=" " ind2=" ">
    <subfield code="a">Religion</subfield>
    <subfield code="x">Fundamentalismus</subfield>
    <subfield code="A">GND</subfield>
    <subfield code="B">GND-04137178X</subfield>
    <subfield code="C">450</subfield>
  </datafield>
  <datafield tag="GSI" ind1="7" ind2=" ">
    <subfield code="a">4137178-1</subfield>
    <subfield code="0">http://d-nb.info/gnd/4137178-1</subfield>
    <subfield code="2">gnd</subfield>
    <subfield code="A">GND</subfield>
    <subfield code="B">GND-04137178X</subfield>
    <subfield code="C">024</subfield>
  </datafield>
  <datafield tag="GSI" ind1="7" ind2=" ">
    <subfield code="a">4027743-4</subfield>
    <subfield code="0">http://d-nb.info/gnd/4027743-4</subfield>
    <subfield code="2">gnd</subfield>
    <subfield code="A">GND</subfield>
    <subfield code="B">GND-040277437</subfield>
    <subfield code="C">024</subfield>
  </datafield>
  <datafield tag="GST" ind1=" " ind2=" ">
    <subfield code="a">Extremismus</subfield>
    <subfield code="A">GND</subfield>
    <subfield code="B">GND-040481719</subfield>
    <subfield code="C">450</subfield>
  </datafield>
  <datafield tag="GST" ind1=" " ind2=" ">
    <subfield code="a">Politischer Extremismus</subfield>
    <subfield code="A">GND</subfield>
    <subfield code="B">GND-040481719</subfield>
    <subfield code="C">450</subfield>
  </datafield>
  <datafield tag="GSI" ind1="7" ind2=" ">
    <subfield code="a">4048171-2</subfield>
    <subfield code="0">http://d-nb.info/gnd/4048171-2</subfield>
    <subfield code="2">gnd</subfield>
    <subfield code="A">GND</subfield>
    <subfield code="B">GND-040481719</subfield>
    <subfield code="C">024</subfield>
  </datafield>
  <datafield tag="GPN" ind1="1" ind2=" ">
    <subfield code="a">Heins, Volker-Michael</subfield>
    <subfield code="d">1957-</subfield>
    <subfield code="A">GND</subfield>
    <subfield code="B">GND-12410181X</subfield>
    <subfield code="C">400</subfield>
  </datafield>
  <datafield tag="GPN" ind1="1" ind2=" ">
    <subfield code="a">Heins, Volker M.</subfield>
    <subfield code="d">1957-</subfield>
    <subfield code="A">GND</subfield>
    <subfield code="B">GND-12410181X</subfield>
    <subfield code="C">400</subfield>
  </datafield>
  <datafield tag="GPN" ind1="1" ind2=" ">
    <subfield code="a">Hajns, Folker</subfield>
    <subfield code="d">1957-</subfield>
    <subfield code="A">GND</subfield>
    <subfield code="B">GND-12410181X</subfield>
    <subfield code="C">400</subfield>
  </datafield>
  <datafield tag="GPN" ind1="1" ind2=" ">
    <subfield code="a">Heins, Volker Michael</subfield>
    <subfield code="d">1957-</subfield>
    <subfield code="A">GND</subfield>
    <subfield code="B">GND-12410181X</subfield>
    <subfield code="C">400</subfield>
  </datafield>
  <datafield tag="GSI" ind1="7" ind2=" ">
    <subfield code="a">12410181X</subfield>
    <subfield code="0">http://d-nb.info/gnd/12410181X</subfield>
    <subfield code="2">gnd</subfield>
    <subfield code="A">GND</subfield>
    <subfield code="B">GND-12410181X</subfield>
    <subfield code="C">024</subfield>
  </datafield>
  <datafield tag="GSI" ind1="7" ind2=" ">
    <subfield code="a">0009-0000-0937-4509</subfield>
    <subfield code="9">v:Herkunft: cg001</subfield>
    <subfield code="2">orcid</subfield>
    <subfield code="A">GND</subfield>
    <subfield code="B">GND-12410181X</subfield>
    <subfield code="C">024</subfield>
  </datafield>
  <datafield tag="GPN" ind1="1" ind2=" ">
    <subfield code="a">Reichertz, J.</subfield>
    <subfield code="d">1949-</subfield>
    <subfield code="A">GND</subfield>
    <subfield code="B">GND-120099209</subfield>
    <subfield code="C">400</subfield>
  </datafield>
  <datafield tag="GSI" ind1="7" ind2=" ">
    <subfield code="a">120099209</subfield>
    <subfield code="0">http://d-nb.info/gnd/120099209</subfield>
    <subfield code="2">gnd</subfield>
    <subfield code="A">GND</subfield>
    <subfield code="B">GND-120099209</subfield>
    <subfield code="C">024</subfield>
  </datafield>
  <datafield tag="GSI" ind1="7" ind2=" ">
    <subfield code="a">n84159476</subfield>
    <subfield code="2">lccn</subfield>
    <subfield code="A">GND</subfield>
    <subfield code="B">GND-120099209</subfield>
    <subfield code="C">024</subfield>
  </datafield>
  <datafield tag="GPN" ind1="1" ind2=" ">
    <subfield code="a">Zorn, Jennifer</subfield>
    <subfield code="d">19XX-</subfield>
    <subfield code="4">nasp</subfield>
    <subfield code="4">https://d-nb.info/standards/elementset/gnd#LaterNameOfThePerson</subfield>
    <subfield code="w">r</subfield>
    <subfield code="i">Spaeterer Name</subfield>
    <subfield code="e">Spaeterer Name</subfield>
    <subfield code="A">GND</subfield>
    <subfield code="B">GND-1155423771</subfield>
    <subfield code="C">400</subfield>
  </datafield>
  <datafield tag="GSI" ind1="7" ind2=" ">
    <subfield code="a">1155423771</subfield>
    <subfield code="0">http://d-nb.info/gnd/1155423771</subfield>
    <subfield code="2">gnd</subfield>
    <subfield code="A">GND</subfield>
    <subfield code="B">GND-1155423771</subfield>
    <subfield code="C">024</subfield>
  </datafield>
  <datafield tag="GSI" ind1="7" ind2=" ">
    <subfield code="a">0000-0001-7817-2927</subfield>
    <subfield code="9">v:Herkunft: orcid</subfield>
    <subfield code="2">orcid</subfield>
    <subfield code="A">GND</subfield>
    <subfield code="B">GND-1155423771</subfield>
    <subfield code="C">024</subfield>
  </datafield>
</record>
